<?xml version="1.0" encoding="UTF-8"?><collection xmlns="http://www.loc.gov/MARC21/slim"><record><leader>00701nam--2200193-i-4500</leader><controlfield tag="001">000020915</controlfield><controlfield tag="002">20161230</controlfield><controlfield tag="005">20161230201033</controlfield><controlfield tag="008">060222s1000------------r-----000-0-eng-d</controlfield><datafield ind1=" " ind2=" " tag="020"><subfield code="a">9282611140</subfield></datafield><datafield ind1=" " ind2=" " tag="040"><subfield code="a">IFIN-HH</subfield></datafield><datafield ind1=" " ind2=" " tag="080"><subfield code="a">341.217(4):001.89</subfield></datafield><datafield ind1="1" ind2=" " tag="110"><subfield code="a">Commission Of The European Communities</subfield></datafield><datafield ind1="1" ind2="0" tag="245"><subfield code="a">European cooperation in the field of scientific and technical research; european consensus conference on pharmacogenetics held in bensancon, france, 24 and 25 october 1989. cost b1, meicine</subfield></datafield><datafield ind1=" " ind2=" " tag="260"><subfield code="a">Luxembourg</subfield><subfield code="b">Office For Official Publications Of The European Communities</subfield><subfield code="c">1990</subfield></datafield><datafield ind1=" " ind2=" " tag="300"><subfield code="a">207 P</subfield></datafield><datafield ind1=" " ind2=" " tag="490"><subfield code="a">Medicine</subfield></datafield><datafield ind1=" " ind2=" " tag="852"><subfield code="a">80211</subfield><subfield code="c">61</subfield></datafield><datafield ind1=" " ind2=" " tag="CAT"><subfield code="a">Sys</subfield><subfield code="c">20110412</subfield><subfield code="h">135506</subfield></datafield></record></collection>